## Index ##
##
##
## American Flag Problem
## Genomic Rearrangement
## Kidney Exchanges
## Hardness

## American Flag Problem ##

@article{al2005formulation,
  title={Formulation and analysis of in-place MSD radix sort algorithms},
  author={Al-Darwish, Nasir},
  journal={Journal of information science},
  volume={31},
  number={6},
  pages={467--481},
  year={2005},
  publisher={Sage Publications}
}

@article{mcllroy1993engineering,
  title={Engineering radix sort},
  author={Mcllroy, Peter M and Bostic, Keith and Mcllroy, M Douglas},
  journal={Computing systems},
  volume={6},
  number={1},
  pages={5--27},
  year={1993}
}

@article{mcmaster1978analysis,
  title={An analysis of algorithms for the Dutch National Flag Problem},
  author={McMaster, Colin L},
  journal={Communications of the ACM},
  volume={21},
  number={10},
  pages={842--846},
  year={1978},
  publisher={ACM}
}

@article{bitner1982asymptotically,
  title={An asymptotically optimal algorithm for the Dutch National Flag problem},
  author={Bitner, James R},
  journal={SIAM Journal on Computing},
  volume={11},
  number={2},
  pages={243--262},
  year={1982},
  publisher={Society for Industrial and Applied Mathematics}
}

@book{dijkstra1976discipline,
  title={A discipline of programming},
  author={Dijkstra, Edsger Wybe},
  volume={4},
  year={1976},
  publisher={prentice-hall Englewood Cliffs}
}


## Genomic Rearrangement ##

@article{bourque2002genome,
  title={Genome-scale evolution: reconstructing gene orders in the ancestral species},
  author={Bourque, Guillaume and Pevzner, Pavel A},
  journal={Genome research},
  volume={12},
  number={1},
  pages={26--36},
  year={2002},
  publisher={Cold Spring Harbor Lab}
}

@inproceedings{caprara1999formulations,
  title={Formulations and hardness of multiple sorting by reversals},
  author={Caprara, Alberto},
  booktitle={Proceedings of the third annual international conference on Computational molecular biology},
  pages={84--93},
  year={1999},
  organization={ACM}
}

@article{goldberg2001complexity,
  title={The complexity of gene placement},
  author={Goldberg, Leslie Ann and Goldberg, Paul W and Paterson, Mike and Pevzner, Pavel and Sahinalp, S{\"u}leyman Cenk and Sweedyk, Elizabeth},
  journal={Journal of Algorithms},
  volume={41},
  number={2},
  pages={225--243},
  year={2001},
  publisher={Academic Press}
}

@article{durrett2005genomic,
  title={Genomic midpoints: Computation and evolutionary implications},
  author={Durrett, Richard and Interian, Yannet},
  year={2005},
  publisher={preparation}
}

@article{bryant1998complexity,
  title={The complexity of the breakpoint median problem},
  author={Bryant, David},
  journal={Centre de recherches mathematiques},
  year={1998}
}

@article{sankoff1997median,
  title={The median problem for breakpoints in comparative genomics},
  author={Sankoff, David and Blanchette, Mathieu},
  journal={Computing and combinatorics},
  pages={251--263},
  year={1997},
  publisher={Springer Berlin Heidelberg}
}

@article{popov2007multiple,
  title={Multiple genome rearrangement by swaps and by element duplications},
  author={Popov, V Yu},
  journal={Theoretical Computer Science},
  volume={385},
  number={1},
  pages={115--126},
  year={2007},
  publisher={Elsevier}
}


## Kidney Exchanges

@article{roth2004kidney,
  title={Kidney exchange},
  author={Roth, Alvin E and S{\"o}nmez, Tayfun and {\"U}nver, M Utku},
  journal={The Quarterly Journal of Economics},
  volume={119},
  number={2},
  pages={457--488},
  year={2004},
  publisher={Oxford University Press}
}

@article{saidman2006increasing,
  title={Increasing the opportunity of live kidney donation by matching for two-and three-way exchanges},
  author={Saidman, Susan L and Roth, Alvin E and S{\"o}nmez, Tayfun and {\"U}nver, M Utku and Delmonico, Francis L},
  journal={Transplantation},
  volume={81},
  number={5},
  pages={773--782},
  year={2006},
  publisher={LWW}
}

@inproceedings{abraham2007clearing,
  title={Clearing algorithms for barter exchange markets: Enabling nationwide kidney exchanges},
  author={Abraham, David J and Blum, Avrim and Sandholm, Tuomas},
  booktitle={Proceedings of the 8th ACM conference on Electronic commerce},
  pages={295--304},
  year={2007},
  organization={ACM}
}

@article{roth2007efficient,
  title={Efficient kidney exchange: Coincidence of wants in markets with compatibility-based preferences},
  author={Roth, Alvin E and S{\"o}nmez, Tayfun and {\"U}nver, M Utku},
  journal={The American economic review},
  pages={828--851},
  year={2007},
  publisher={American Economic Association}
}


## Hardness

@article{manthey2006approximating,
  title={On approximating restricted cycle covers},
  author={Manthey, Bodo},
  journal={Approximation and Online Algorithms},
  pages={282--295},
  year={2006},
  publisher={Springer Berlin Heidelberg}
}

@article{norman1959algorithm,
  title={An algorithm for a minimum cover of a graph},
  author={Norman, Robert Z and Rabin, Michael O},
  journal={Proceedings of the American Mathematical Society},
  volume={10},
  number={2},
  pages={315--319},
  year={1959},
  publisher={JSTOR}
}


