\usepackage{url}

@article{krasnitz2013target,
  title={Target inference from collections of genomic intervals},
  author={Krasnitz, Alexander and Sun, Guoli and Andrews, Peter and Wigler, Michael},
  journal={Proceedings of the National Academy of Sciences},
  volume={110},
  number={25},
  pages={E2271--E2278},
  year={2013},
  publisher={National Acad Sciences}
}

@article{camion1965,
title={Characterization of totally unimodular matrices},
author={Camion, P.},
journal={Proceedings of the American Mathematical Society},
volume= {15},
number={5},
year={1965},
pages={1068-1073}
}

@article{Fellows200953,
title = "On the parameterized complexity of multiple-interval graph problems ",
journal = "Theoretical Computer Science ",
volume = "410",
number = "1",
pages = "53 - 61",
year = "2009",
note = "",
issn = "0304-3975",
doi = "http://dx.doi.org/10.1016/j.tcs.2008.09.065",
url = "http://www.sciencedirect.com/science/article/pii/S0304397508007329",
author = "Michael R. Fellows and Danny Hermelin and Frances Rosamond and St√©phane Vialette",
keywords = "Multiple intervals",
keywords = "Independent set",
keywords = "Dominating set",
keywords = "Clique",
keywords = "W-hardness",
keywords = "Parameterized complexity",
keywords = "Multicolored clique "
}

@misc{COIN-OR,
  title={Clp ({COIN-OR} linear programming)},
  howpublished={https://projects.coin-or.org/Clp},
  url={https://projects.coin-or.org/Clp},
  note={ver 1.12.0-2.1}
}

@misc{GAlib,
  author={Matthew Wall},
  howpublished={http://lancet.mit.edu/ga/GAlib.html},
  url={http://lancet.mit.edu/ga/GAlib.html},
  publisher={Massachussets Institute of Technology},
  note={ver 2.4.7-3}
}


@article{wachter2006implementation,
  title={On the implementation of an interior-point filter line-search algorithm for large-scale nonlinear programming},
  author={W{\"a}chter, Andreas and Biegler, Lorenz T},
  journal={Mathematical programming},
  volume={106},
  number={1},
  pages={25--57},
  year={2006},
  publisher={Springer}
}

@inproceedings{blelloch2012greedy,
  title={Greedy sequential maximal independent set and matching are parallel on average},
  author={Blelloch, Guy E and Fineman, Jeremy T and Shun, Julian},
  booktitle={Proceedinbgs of the 24th ACM symposium on Parallelism in algorithms and architectures},
  pages={308--317},
  year={2012},
  organization={ACM}
}

@article{katz2005orthogonal,
  title={Orthogonal segment stabbing},
  author={Katz, Matthew J and Mitchell, Joseph SB and Nir, Yuval},
  journal={Computational Geometry},
  volume={30},
  number={2},
  pages={197--205},
  year={2005},
  publisher={Elsevier}
}

@article{katayama2005effective,
  title={An effective local search for the maximum clique problem},
  author={Katayama, Kengo and Hamamoto, Akihiro and Narihisa, Hiroyuki},
  journal={Information Processing Letters},
  volume={95},
  number={5},
  pages={503--511},
  year={2005},
  publisher={Elsevier}
}

@article{lin1973effective,
  title={An effective heuristic algorithm for the traveling-salesman problem},
  author={Lin, Shen and Kernighan, Brian W},
  journal={Operations research},
  volume={21},
  number={2},
  pages={498--516},
  year={1973},
  publisher={INFORMS}
}