@article{amiouny1992balanced,
  title={Balanced loading},
  author={Amiouny, Samir V and Bartholdi III, John J and Vande Vate, John H and Zhang, Jixian},
  journal={Operations Research},
  volume={40},
  number={2},
  pages={238--246},
  year={1992},
  publisher={INFORMS}
}

@article{limbourg2012automatic,
  title={Automatic aircraft cargo load planning},
  author={Limbourg, Sabine and Schyns, Micha{\"e}l and Laporte, Gilbert},
  journal={Journal of the Operational Research Society},
  volume={63},
  number={9},
  pages={1271--1283},
  year={2012},
  publisher={Nature Publishing Group}
}

@article{mathur1998integer,
  title={An integer-programming-based heuristic for the balanced loading problem},
  author={Mathur, Kamlesh},
  journal={Operations Research Letters},
  volume={22},
  number={1},
  pages={19--25},
  year={1998},
  publisher={Elsevier}
}

@article{davies1999weight,
  title={Weight distribution considerations in container loading},
  author={Davies, A Paul and Bischoff, Eberhard E},
  journal={European Journal of Operational Research},
  volume={114},
  number={3},
  pages={509--527},
  year={1999},
  publisher={Elsevier}
}

@article{fasano2004mip,
  title={A MIP approach for some practical packing problems: Balancing constraints and tetris-like items},
  author={Fasano, Giorgio},
  journal={Quarterly Journal of the Belgian, French and Italian Operations Research Societies},
  volume={2},
  number={2},
  pages={161--174},
  year={2004},
  publisher={Springer}
}

@article{sevast1995vector,
  title={Vector summation in Banach space and polynomial algorithms for flow shops and open shops},
  author={Sevast'Janov, Sergey},
  journal={Mathematics of Operations Research},
  volume={20},
  number={1},
  pages={90--103},
  year={1995},
  publisher={INFORMS}
}

@article{sevast1994some,
  title={On some geometric methods in scheduling theory: a survey},
  author={Sevast'janov, Sergey Vasil'evich},
  journal={Discrete Applied Mathematics},
  volume={55},
  number={1},
  pages={59--82},
  year={1994},
  publisher={North-Holland}
}

@article{sevastianov1998nonstrict,
  title={Nonstrict vector summationin multi-operation scheduling},
  author={Sevastianov, Sergey},
  journal={Annals of Operations Research},
  volume={83},
  pages={179--212},
  year={1998},
  publisher={Kluwer Academic Publishers}
}

@article{framinan2004review,
  title={A review and classification of heuristics for permutation flow-shop scheduling with makespan objective},
  author={Framinan, Jose M and Gupta, Jatinder ND and Leisten, Rainer},
  journal={Journal of the Operational Research Society},
  volume={55},
  number={12},
  pages={1243--1255},
  year={2004},
  publisher={Nature Publishing Group}
}

@article{gupta2006performance,
  title={Performance guarantees for flowshop heuristics to minimize makespan},
  author={Gupta, Jatinder ND and Koulamas, Christos and Kyparisis, George J},
  journal={European journal of operational research},
  volume={169},
  number={3},
  pages={865--872},
  year={2006},
  publisher={North-Holland}
}

@article{chelidze2010greedy,
  title={Greedy Algorithm Fails in Compact Vector Summation},
  author={Chelidze, George and Chobanyan, Sergei and Giorgobiani, George and Kvaratskhelia, Vakhtang},
  journal={Bull. Georg. Natl. Acad. Sci},
  volume={4},
  number={2},
  year={2010}
}

